
@article{nielsen2010quantum,
  title={Quantum Computation and Quantum Information},
  author={Nielsen, Michael A and Chuang, Isaac L},
  year={2010},
  publisher={Cambridge University Press}
}
@article{shor1999polynomial,
  title={Polynomial-time algorithms for prime factorization and discrete logarithms on a quantum computer},
  author={Shor, Peter W},
  journal={SIAM review},
  volume={41},
  number={2},
  pages={303--332},
  year={1999},
  publisher={SIAM}
}
@article{fowler2009high,
  title={High-threshold universal quantum computation on the surface code},
  author={Fowler, Austin G and Stephens, Ashley M and Groszkowski, Peter},
  journal={Physical Review Aâ€”Atomic, Molecular, and Optical Physics},
  volume={80},
  number={5},
  pages={052312},
  year={2009},
  publisher={APS}
}
@article{baker2019decomposing,
  title={Decomposing quantum generalized toffoli with an arbitrary number of ancilla},
  author={Baker, Jonathan M and Duckering, Casey and Hoover, Alexander and Chong, Frederic T},
  journal={arXiv preprint arXiv:1904.01671},
  year={2019}
}
@inproceedings{grover1996fast,
  title={A fast quantum mechanical algorithm for database search},
  author={Grover, Lov K},
  booktitle={Proceedings of the twenty-eighth annual ACM symposium on Theory of computing},
  pages={212--219},
  year={1996}
}
@article{yamashita2008ddmf,
  title={DDMF: An efficient decision diagram structure for design verification of quantum circuits under a practical restriction},
  author={Yamashita, Shigeru and Minato, Shin-ichi and Miller, D Michael},
  journal={IEICE transactions on fundamentals of electronics, communications and computer sciences},
  volume={91},
  number={12},
  pages={3793--3802},
  year={2008},
  publisher={The Institute of Electronics, Information and Communication Engineers}
}
@article{zhou2000methodology,
  title={Methodology for quantum logic gate construction},
  author={Zhou, Xinlan and Leung, Debbie W and Chuang, Isaac L},
  journal={Physical Review A},
  volume={62},
  number={5},
  pages={052316},
  year={2000},
  publisher={APS}
}
@article{fowler2012time,
  title={Time-optimal quantum computation},
  author={Fowler, Austin G},
  journal={arXiv preprint arXiv:1210.4626},
  year={2012}
}
@inproceedings{abdessaied2016technology,
  title={Technology mapping of reversible circuits to Clifford+ T quantum circuits},
  author={Abdessaied, Nabila and Amy, Matthew and Soeken, Mathias and Drechsler, Rolf},
  booktitle={2016 IEEE 46th international symposium on multiple-valued logic (ISMVL)},
  pages={150--155},
  year={2016},
  organization={IEEE}
}
@inproceedings{niemann2019t,
  title={T-depth optimization for fault-tolerant quantum circuits},
  author={Niemann, Philipp and Gupta, Anshu and Drechsler, Rolf},
  booktitle={2019 IEEE 49th International Symposium on Multiple-Valued Logic (ISMVL)},
  pages={108--113},
  year={2019},
  organization={IEEE}
}
@article{deutsch1985quantum,
  title={Quantum theory, the Church--Turing principle and the universal quantum computer},
  author={Deutsch, David},
  journal={Proceedings of the Royal Society of London. A. Mathematical and Physical Sciences},
  volume={400},
  number={1818},
  pages={97--117},
  year={1985},
  publisher={The Royal Society London}
}
@article{barenco1995elementary,
  title={Elementary gates for quantum computation},
  author={Barenco, Adriano and Bennett, Charles H and Cleve, Richard and DiVincenzo, David P and Margolus, Norman and Shor, Peter and Sleator, Tycho and Smolin, John A and Weinfurter, Harald},
  journal={Physical review A},
  volume={52},
  number={5},
  pages={3457},
  year={1995},
  publisher={APS}
}
@article{amy2014polynomial,
  title={Polynomial-time T-depth optimization of Clifford+ T circuits via matroid partitioning},
  author={Amy, Matthew and Maslov, Dmitri and Mosca, Michele},
  journal={IEEE Transactions on Computer-Aided Design of Integrated Circuits and Systems},
  volume={33},
  number={10},
  pages={1476--1489},
  year={2014},
  publisher={IEEE}
}
@article{selinger2013quantum,
  title={Quantum circuits of T-depth one},
  author={Selinger, Peter},
  journal={Physical Review A},
  volume={87},
  number={4},
  pages={042302},
  year={2013},
  publisher={APS}
}

@article{amy2013meet,
  title={A meet-in-the-middle algorithm for fast synthesis of depth-optimal quantum circuits},
  author={Amy, Matthew and Maslov, Dmitri and Mosca, Michele and Roetteler, Martin},
  journal={IEEE Transactions on Computer-Aided Design of Integrated Circuits and Systems},
  volume={32},
  number={6},
  pages={818--830},
  year={2013},
  publisher={IEEE}
}
@inproceedings{wille2008revlib,
  title={RevLib: An online resource for reversible functions and reversible circuits},
  author={Wille, Robert and Gro{\ss}e, Daniel and Teuber, Lisa and Dueck, Gerhard W and Drechsler, Rolf},
  booktitle={38th International Symposium on Multiple Valued Logic (ismvl 2008)},
  pages={220--225},
  year={2008},
  organization={IEEE}
}
@inproceedings{miller2014mapping,
  title={Mapping NCV circuits to optimized Clifford+ T circuits},
  author={Miller, D Michael and Soeken, Mathias and Drechsler, Rolf},
  booktitle={Reversible Computation: 6th International Conference, RC 2014, Kyoto, Japan, July 10-11, 2014. Proceedings 6},
  pages={163--175},
  year={2014},
  organization={Springer}
}

@misc{2015Inte81:online,
  author = {},
  title = {INTERNATIONAL TECHNOLOGY ROADMAP FOR SEMICONDUCTORS 2.0},
  howpublished = {https://www.semiconductors.org/wp-content/uploads/2018/06/3\_2015-ITRS-2.0-ERM.pdf},
  month = {},
  year = {},
  note = "[Online; accessed 2024-12-23]"
}

@article{bisiani1992beam,
  title={Beam search},
  author={BISIANI, R},
  journal={Encyclopedia of Artficial Intelligence},
  pages={1467--1468},
  year={1992},
  publisher={Wiley-Interscience Publication}
}
@article{boykin2000new,
  title={A new universal and fault-tolerant quantum basis},
  author={Boykin, P Oscar and Mor, Tal and Pulver, Matthew and Roychowdhury, Vwani and Vatan, Farrokh},
  journal={Information Processing Letters},
  volume={75},
  number={3},
  pages={101--107},
  year={2000},
  publisher={Elsevier}
}